<?xml version="1.0" encoding="UTF-8"?><collection xmlns="http://www.loc.gov/MARC21/slim"><record><leader>00566nam--2200169-i-4500</leader><controlfield tag="001">000010480</controlfield><controlfield tag="002">20161230</controlfield><controlfield tag="005">20161230201028</controlfield><controlfield tag="008">060222s1000------------r-----000-0-eng-d</controlfield><datafield ind1=" " ind2=" " tag="040"><subfield code="a">IFIN-HH</subfield></datafield><datafield ind1=" " ind2=" " tag="080"><subfield code="a">015:539.172.3:539.2</subfield></datafield><datafield ind1="1" ind2=" " tag="100"><subfield code="a">Canner, James Philip</subfield></datafield><datafield ind1="1" ind2="0" tag="245"><subfield code="a">Mossbauer effect studies of ferroelectric phas e transitions in the pbzro3-pbtio3-bifeo3 ternary system</subfield><subfield code="b">Dissertation</subfield><subfield code="c">James philip canner</subfield></datafield><datafield ind1=" " ind2=" " tag="260"><subfield code="a">Ann Arbor, Michigan</subfield><subfield code="b">University Microfilms</subfield><subfield code="c">1969</subfield></datafield><datafield ind1=" " ind2=" " tag="300"><subfield code="a">VIII + 170 P</subfield></datafield><datafield ind1=" " ind2=" " tag="852"><subfield code="a">37859</subfield><subfield code="c">539.163.2</subfield></datafield><datafield ind1=" " ind2=" " tag="CAT"><subfield code="a">Sys</subfield><subfield code="c">20120524</subfield><subfield code="h">135314</subfield></datafield></record></collection>